@article{joulin2017bag,
  title={Bag of Tricks for Efficient Text Classification},
  author={Joulin, Armand and Grave, Edouard and Bojanowski, Piotr and Mikolov, Tomas},
  journal={arXiv preprint arXiv:1607.01759},
  year={2017},
  url={https://arxiv.org/abs/1607.01759}
}

@article{sanh2019distilbert,
  title={DistilBERT, a distilled version of BERT: smaller, faster, cheaper and lighter},
  author={Sanh, Victor and Debut, Lysandre and Chaumond, Julien and Wolf, Thomas},
  journal={arXiv preprint arXiv:1910.01108},
  year={2019},
  url={https://arxiv.org/abs/1910.01108}
}

@article{bojanowski2017enriching,
  title={Enriching Word Vectors with Subword Information},
  author={Bojanowski, Piotr and Grave, Edouard and Joulin, Armand and Mikolov, Tomas},
  journal={Transactions of the Association for Computational Linguistics},
  volume={5},
  pages={135--146},
  year={2017},
  url={https://aclanthology.org/Q17-1010/}
}

@article{he2021deberta,
  title={DeBERTa: Decoding-enhanced BERT with Disentangled Attention},
  author={He, Pengcheng and Liu, Xiaodong and Gao, Jianfeng and Chen, Weizhu},
  journal={arXiv preprint arXiv:2006.03654},
  year={2021},
  url={https://arxiv.org/abs/2006.03654}
}

@article{banon2024fastspell,
  title={FastSpell: the LangId Magic Spell},
  author={Bañón, Marta and Zaragoza-Bernabeu, Jaume and Ramírez-Sánchez, Gema and Ortiz-Rojas, Sergio},
  journal={arXiv preprint arXiv:2404.08345},
  year={2024},
  url={https://arxiv.org/abs/2404.08345}
}

@article{windisch2023glotlid,
  title={GlotLID: Language Identification for Low-Resource Languages},
  author={Windisch, Amir and Müller, Matthias and Fraser, Alexander},
  journal={arXiv preprint arXiv:2310.16248},
  year={2023},
  url={https://arxiv.org/abs/2310.16248}
}

@article{ustun2024aya,
  title={Aya Model: An Instruction Finetuned Open-Access Multilingual Language Model},
  author={Üstün, Ahmet and Aryabumi, Viraat and Yong, Zheng-Xin and Ko, Wei-Yin and D'souza, Daniel and Onilude, Gbemileke and Bhandari, Neel and Singh, Shivalika and Ooi, Hui-Lee and Kayid, Amr and Vargus, Freddie and Blunsom, Phil and Longpre, Shayne and Muennighoff, Niklas and Fadaee, Marzieh and Kreutzer, Julia and Hooker, Sara},
  journal={arXiv preprint arXiv:2402.07827},
  year={2024},
  url={https://arxiv.org/abs/2402.07827}
}
